% Bibtex database for vignette, ``Examples for stratified designs'' for the PF package.
% Christopher Tong, USDA/CVB 18 October 2011.

@article{agresti2000,
	author="A. Agresti and J. Hartzel",
	title="Strategies for comparing treatments on a binary response with multi-centre data",
	journal="Statistics in Medicine",
	year=2000,
	volume="19",
	pages="1115--1139"
}

@article{agresti2001,
	author="A. Agresti and Y. Min",
	title="On small-sample confidence intervals for parameters in discrete distribution",
	journal="Biometrics",
	year=2001,
	volume="57",
	pages="963--971"
}

@book{agresti2002,
	author="A. Agresti",
	title="Categorical Data Analysis",
	edition="Second",
	publisher="Wiley",
	address="Hoboken",
	year=2002
}

@ARTICLE{berger,
	AUTHOR="R.L. Berger and D.D. Boos",
	TITLE={$P$ values maximized over a confidence set for the nuisance parameter},
	JOURNAL="Journal of the American Statistical Association",
	YEAR="1994",
	VOLUME="89",
	PAGES="1012--1016"
}

@article{faraway,
	author="J. Faraway",
	title={Changes to the Mixed Effects Models Chapters in ELM},
	journal={Unpublished online document http://www.maths.bath.ac.uk/$\sim$jjf23/ELM/mixchange.pdf},
	year=2010,
	volume="",
	pages=""
}

@article{heinze2002,
	author="G. Heinze and M. Schemper",
	title={A solution to the problem of separation in logistic regression},
	journal="Statistics in Medicine",
	year=2002,
	volume="21",
	pages="2409--2419"
}


@article{gart1962,
	author="J.J. Gart",
	title={On the combination of relative risks},
	journal="Biometrics",
	year=1962,
	volume="18",
	pages="601--610"
}


@article{gart1985,
	author="J.J. Gart",
	title={Approximate tests and interval estimation of the common relative risk in the combination of $2 \times 2$ tables},
	journal="Biometrika",
	year="1985",
	volume="72",
	pages="673--677"
}

@article{greenland1985,
	author="S. Greenland and J.M. Robins",
	title="Estimation of a common effect parameter from sparse follow-up data",
	journal="Biometrics",
	year=1985,
	volume="41",
	pages="55--68"
}

@book{hirji,
	author="K.F. Hirji",
	title="Exact Analysis of Discrete Data",
	publisher={Chapman \& Hall/CRC},
	address="Boca Raton",
	year=2006
}

@ARTICLE{gart1988,
	author="J.J. Gart and J.-M. Nam",
	title="Approximate interval estimation of the ratio of binomial parameters:  a review and corrections for skewness",
	journal="Biometrics",
	year="1988",
	volume="44",
	pages="323--338"
}

@article{koopman,
	author="P.A.R. Koopman",
	title="Confidence intervals for the ratio of two binomial proportions",
	journal="Biometrics",
	year="1984",
	volume="40",
	pages="513--517"
}

@article{kuritz,
	author="S.J. Kuritz and J.R. Landis and G.G. Koch",
	title={A general overview of Mantel-Haenszel methods:  applications and recent developments},
	journal="Annual Reviews of Public Health",
	year=1988,
	volume="9",
	pages="123--160"
}

@book{lachin,
	author="J.M. Lachin",
	title="Biostatistical Methods:  The Assessment of Relative Risks",
	edition="Second",
	publisher="Wiley",
	address="Hoboken",
	year=2011
}

@article{mantel,
	author="N. Mantel and W. Haenszel",
	title="Statistical aspects of the analysis of data from retrospective studies of disease",
	journal="Journal of the National Cancer Institute",
	year="1959",
	volume="22",
	pages="719--748"
}

@book{mcculloch,
	author="C.E. McCulloch and S.R. Searle and J.M. Neuhaus",
	title="Generalized, Linear, and Mixed Models",
	edition="Second",
	publisher="Wiley",
	address="Hoboken",
	year=2008
}

@book{mccullagh,
	author="P. McCullagh and J.A. Nelder",
	title="Generalized Linear Models",
	publisher="Chapman and Hall",
	address="London",
	year=1989
}

@article{miettinen,
	author="O. Miettinen and M. Nurminen",
	title="Comparative analysis of two rates",
	journal="Statistics in Medicine",
	year=1985,
	volume="4",
	pages="213--226"
}

@book{myers,
	author="R.H. Myers and D.C. Montgomery and G.G. Vining and T.J. Robinson",
	title="Generalized Linear Models with Applications in Engineering and the Sciences",
	edition="Second",
	publisher="Wiley",
	address="Hoboken",
	year=2010
}

@article{radha,
	author="S. Radhakrishna",
	title={Combination of results from several $2 \times 2$ contingency tables},
	journal="Biometrics",
	year=1965,
	volume=21,
	pages="86--98"
}

@book{stokes,
	author="M.E. Stokes and C.S. Davis and G.G. Koch",
	title="Categorical Data Analysis using the SAS System",
	edition="Second",
	publisher="SAS Institute",
	address="Cary, NC",
	year=2000
}

@article{carter,
	author="R.E. Carter and S.R. Lipsitz and B.C. Tilley",
	title="Quasi-likelihood estimation for relative risk regression models",
	journal="Biostatistics",
	year="2005",
	volume="6",
	pages="39--44"
}

@article{yelland,
	author="L.N. Yelland and A.B. Salter and P. Ryan",
	title="Relative risk estimation in randomized controlled trials: a comparison of methods for independent observations",
	journal="International Journal of Biostatistics",
	year=2011,
	volume="1",
	pages="5"
}

@article{wacholder,
	author="S. Wacholder",
	title="Binomial regression in GLIM: estimating risk ratios and risk differences",
	journal="American Journal of Epidemiology",
	year=1986,
	volume="123",
	pages="174--184"
}

@article{wedderburn,
	author="R.W.M. Wedderburn",
	title="Quasilikelihood functions, generalized linear models, and the Gauss-Newton method",
	journal="Biometrika",
	year=1974,
	volume="63",
	pages="27--32"
}

@article{zou,
	author="G. Zou",
	title="A modified Poisson regression approach to prospective studies with binary data",
	journal="American Journal of Epidemiology",
	year=2004,
	volume="159",
	pages="702--706"
}

